@ARTICLE{9837035,
  author={Usman, Muhammad and Ferlin, Simone and Brunstrom, Anna and Taheri, Javid},
  journal={IEEE Access}, 
  title={A Survey on Observability of Distributed Edge & Container-Based Microservices}, 
  year={2022},
  volume={10},
  number={},
  pages={86904-86919},
  doi={10.1109/ACCESS.2022.3193102}}
